@online{wiki-met,
author = {Wikipedia},
title = {Metabolic equivalent},
year = {2015},
url = {http://en.wikipedia.org/wiki/Metabolic_equivalent},
}

@online{wiki-grade,
author = {Wikipedia},
title = {Grade (slope)},
year = {2015},
url = {http://en.wikipedia.org/wiki/Grade_%28slope%29},
}

@article{mets-in-exercise,
author = {M. Jette. K. Sidney, G. Blümchen },
title = {Metabolic Equivalents (METS) in Exercise Testing, Exercise Prescription,
and Evaluation of Functional Capacity },
journaltitle = {Clinical Cardiology},
year = {1990},
volume = {13},
issue = {8},
}

@book{acsm-guidelines,
author = {Jonathan K. Ehrman},
title = {ACSM's Guidelines for Exercise Testing and Prescription},
year = {2014},
}
